%  priklad uvadzania literatury pre FEIstyle.bst
%  naformatovane vstupy: book


@misc{IoT00,
  author = {UNKNOWN},
  title = {{Internet of Things Global Standards Initiative}},
  howpublished = "\url{http://aiweb.techfak.uni-bielefeld.de/content/bworld-robot-control-software/}", 
  note = "[Online; accessed 26-April-2016]"
}


@misc{IoT000,
  author = {Fortino, Giancarlo and Trunfio, Paolo },
  title = {{Internet of Things based on Smart Objects }},
  publisher = {Springer},
  year      = 2014,
  pages     = {201-213},
  series    = 10,
  edition   = 1,
  isbn      = {978-3-319-00490-7}
}

@misc{MPC01,
  author = {Takács, Gergely and Rohaľ-Ilkiv, Boris },
  title = {{Model Predictive Vibration Control}},
 publisher = {Springer},
  year      = 2012,
  isbn      = {978-1-4471-2332-3}
}

@misc{MPC02,
  author = {Bradley, Anderson and Bennick, Aaron and Salciccioli, Michael },
  title = {{Model Predictive Control}},
  howpublished = "\url{https://controls.engin.umich.edu/wiki/index.php/MPC/}", 
 note = {Accessed on 12-02-2014)}
}


@misc{MPC03,
  author = {Balandat, Maximilian },
  title = {{Constrained Robust Optimal Trajectory Tracking: Model Predictive Control Approaches}},
  howpublished = "\url{http://hybrid.eecs.berkeley.edu/~max/pubs/pdf/Diploma_Thesis.pdf}", 
 note = {Accessed on 12-02-2014)}
}

@misc{MPC04,
  author = {Bemporad, Alberto and Morari, Manfred  },
  title = {{Robust Model Predictive Control: A Survey}},
  publisher = {Springer},
  year      = 1999,
  isbn      = {978-1-84628-538-7}
}

@misc{MPC05,
  author = {Řehoř, J.},
  title = {{Návrh explicitního prediktivního regulátoru s využitím
Multi-Parametric Toolboxu pro Matlab}},
  howpublished = "\url{http://www2.humusoft.cz/www/papers/tcp07/rehor.pdf}", 
 note = {Accessed on 12-02-2014)}
}

@misc{MPC06,
author = {},
title = {Stabilita, kvalita a presnosť regulácie | www.senzorika.leteckafakulta.sk},
howpublished = {\url{http://www.senzorika.leteckafakulta.sk/?q=node/298}},
month = {},
year = {},
note = {(Accessed on 15-06-2016)}
}


@misc{IOT01,
author = {},
title = {10 IoT Predictions For 2016 - Page: 1 | CRN},
howpublished = {\url{http://www.crn.com/slide-shows/networking/300079629/10-iot-predictions-for-2016.htm}},
month = {},
year = {},
note = {Accessed on 14-06-2016)}
}
